@book{smith1999wealth,
  title={Wealth of nations},
  author={Smith, A.},
  year={1999},
  publisher={Wiley Online Library}
}

